%YAML 1.1
%TAG !u! tag:unity3d.com,2011:
--- !u!29 &1
OcclusionCullingSettings:
  m_ObjectHideFlags: 0
  serializedVersion: 2
  m_OcclusionBakeSettings:
    smallestOccluder: 5
    smallestHole: 0.25
    backfaceThreshold: 100
  m_SceneGUID: 00000000000000000000000000000000
  m_OcclusionCullingData: {fileID: 0}
--- !u!104 &2
RenderSettings:
  m_ObjectHideFlags: 0
  serializedVersion: 8
  m_Fog: 0
  m_FogColor: {r: 0.5, g: 0.5, b: 0.5, a: 1}
  m_FogMode: 3
  m_FogDensity: 0.01
  m_LinearFogStart: 0
  m_LinearFogEnd: 300
  m_AmbientSkyColor: {r: 0.875, g: 0.875, b: 0.875, a: 1}
  m_AmbientEquatorColor: {r: 0.2, g: 0.2, b: 0.2, a: 1}
  m_AmbientGroundColor: {r: 0.2, g: 0.2, b: 0.2, a: 1}
  m_AmbientIntensity: 1
  m_AmbientMode: 3
  m_SubtractiveShadowColor: {r: 0.42, g: 0.478, b: 0.627, a: 1}
  m_SkyboxMaterial: {fileID: 10304, guid: 0000000000000000f000000000000000, type: 0}
  m_HaloStrength: 0.5
  m_FlareStrength: 1
  m_FlareFadeSpeed: 3
  m_HaloTexture: {fileID: 0}
  m_SpotCookie: {fileID: 10001, guid: 0000000000000000e000000000000000, type: 0}
  m_DefaultReflectionMode: 0
  m_DefaultReflectionResolution: 128
  m_ReflectionBounces: 1
  m_ReflectionIntensity: 1
  m_CustomReflection: {fileID: 0}
  m_Sun: {fileID: 0}
  m_IndirectSpecularColor: {r: 0.44657898, g: 0.4964133, b: 0.5748178, a: 1}
--- !u!157 &4
LightmapSettings:
  m_ObjectHideFlags: 0
  serializedVersion: 11
  m_GIWorkflowMode: 0
  m_GISettings:
    serializedVersion: 2
    m_BounceScale: 1
    m_IndirectOutputScale: 1
    m_AlbedoBoost: 1
    m_TemporalCoherenceThreshold: 1
    m_EnvironmentLightingMode: 0
    m_EnableBakedLightmaps: 1
    m_EnableRealtimeLightmaps: 1
  m_LightmapEditorSettings:
    serializedVersion: 9
    m_Resolution: 1
    m_BakeResolution: 50
    m_TextureWidth: 1024
    m_TextureHeight: 1024
    m_AO: 0
    m_AOMaxDistance: 1
    m_CompAOExponent: 0
    m_CompAOExponentDirect: 0
    m_Padding: 2
    m_LightmapParameters: {fileID: 0}
    m_LightmapsBakeMode: 1
    m_TextureCompression: 0
    m_FinalGather: 0
    m_FinalGatherFiltering: 1
    m_FinalGatherRayCount: 1024
    m_ReflectionCompression: 2
    m_MixedBakeMode: 1
    m_BakeBackend: 0
    m_PVRSampling: 1
    m_PVRDirectSampleCount: 32
    m_PVRSampleCount: 500
    m_PVRBounces: 2
    m_PVRFilterTypeDirect: 0
    m_PVRFilterTypeIndirect: 0
    m_PVRFilterTypeAO: 0
    m_PVRFilteringMode: 0
    m_PVRCulling: 1
    m_PVRFilteringGaussRadiusDirect: 1
    m_PVRFilteringGaussRadiusIndirect: 5
    m_PVRFilteringGaussRadiusAO: 2
    m_PVRFilteringAtrousPositionSigmaDirect: 0.5
    m_PVRFilteringAtrousPositionSigmaIndirect: 2
    m_PVRFilteringAtrousPositionSigmaAO: 1
    m_ShowResolutionOverlay: 1
  m_LightingDataAsset: {fileID: 112000000, guid: 8f19802fb427b9f4cb7cac9bb7b9b472,
    type: 2}
  m_UseShadowmask: 0
--- !u!196 &5
NavMeshSettings:
  serializedVersion: 2
  m_ObjectHideFlags: 0
  m_BuildSettings:
    serializedVersion: 2
    agentTypeID: 0
    agentRadius: 0.5
    agentHeight: 2
    agentSlope: 45
    agentClimb: 0.4
    ledgeDropHeight: 0
    maxJumpAcrossDistance: 0
    minRegionArea: 2
    manualCellSize: 0
    cellSize: 0.16666666
    manualTileSize: 0
    tileSize: 256
    accuratePlacement: 0
    debug:
      m_Flags: 0
  m_NavMeshData: {fileID: 0}
--- !u!1 &60233960
GameObject:
  m_ObjectHideFlags: 0
  m_PrefabParentObject: {fileID: 0}
  m_PrefabInternal: {fileID: 0}
  serializedVersion: 5
  m_Component:
  - component: {fileID: 60233964}
  - component: {fileID: 60233963}
  - component: {fileID: 60233962}
  - component: {fileID: 60233961}
  m_Layer: 5
  m_Name: Canvas
  m_TagString: Untagged
  m_Icon: {fileID: 0}
  m_NavMeshLayer: 0
  m_StaticEditorFlags: 0
  m_IsActive: 1
--- !u!114 &60233961
MonoBehaviour:
  m_ObjectHideFlags: 0
  m_PrefabParentObject: {fileID: 0}
  m_PrefabInternal: {fileID: 0}
  m_GameObject: {fileID: 60233960}
  m_Enabled: 1
  m_EditorHideFlags: 0
  m_Script: {fileID: 1301386320, guid: f5f67c52d1564df4a8936ccd202a3bd8, type: 3}
  m_Name: 
  m_EditorClassIdentifier: 
  m_IgnoreReversedGraphics: 1
  m_BlockingObjects: 0
  m_BlockingMask:
    serializedVersion: 2
    m_Bits: 4294967295
--- !u!114 &60233962
MonoBehaviour:
  m_ObjectHideFlags: 0
  m_PrefabParentObject: {fileID: 0}
  m_PrefabInternal: {fileID: 0}
  m_GameObject: {fileID: 60233960}
  m_Enabled: 1
  m_EditorHideFlags: 0
  m_Script: {fileID: 1980459831, guid: f5f67c52d1564df4a8936ccd202a3bd8, type: 3}
  m_Name: 
  m_EditorClassIdentifier: 
  m_UiScaleMode: 1
  m_ReferencePixelsPerUnit: 100
  m_ScaleFactor: 1
  m_ReferenceResolution: {x: 1920, y: 1080}
  m_ScreenMatchMode: 1
  m_MatchWidthOrHeight: 0
  m_PhysicalUnit: 3
  m_FallbackScreenDPI: 96
  m_DefaultSpriteDPI: 96
  m_DynamicPixelsPerUnit: 1
--- !u!223 &60233963
Canvas:
  m_ObjectHideFlags: 0
  m_PrefabParentObject: {fileID: 0}
  m_PrefabInternal: {fileID: 0}
  m_GameObject: {fileID: 60233960}
  m_Enabled: 1
  serializedVersion: 3
  m_RenderMode: 0
  m_Camera: {fileID: 0}
  m_PlaneDistance: 100
  m_PixelPerfect: 0
  m_ReceivesEvents: 1
  m_OverrideSorting: 0
  m_OverridePixelPerfect: 0
  m_SortingBucketNormalizedSize: 0
  m_AdditionalShaderChannelsFlag: 25
  m_SortingLayerID: 0
  m_SortingOrder: 0
  m_TargetDisplay: 0
--- !u!224 &60233964
RectTransform:
  m_ObjectHideFlags: 0
  m_PrefabParentObject: {fileID: 0}
  m_PrefabInternal: {fileID: 0}
  m_GameObject: {fileID: 60233960}
  m_LocalRotation: {x: 0, y: 0, z: 0, w: 1}
  m_LocalPosition: {x: 0, y: 0, z: 0}
  m_LocalScale: {x: 0, y: 0, z: 0}
  m_Children:
  - {fileID: 1148993652}
  m_Father: {fileID: 0}
  m_RootOrder: 5
  m_LocalEulerAnglesHint: {x: 0, y: 0, z: 0}
  m_AnchorMin: {x: 0, y: 0}
  m_AnchorMax: {x: 0, y: 0}
  m_AnchoredPosition: {x: 0, y: 0}
  m_SizeDelta: {x: 0, y: 0}
  m_Pivot: {x: 0, y: 0}
--- !u!1 &124921954
GameObject:
  m_ObjectHideFlags: 0
  m_PrefabParentObject: {fileID: 0}
  m_PrefabInternal: {fileID: 0}
  serializedVersion: 5
  m_Component:
  - component: {fileID: 124921956}
  - component: {fileID: 124921955}
  m_Layer: 0
  m_Name: PlayMakerGUI
  m_TagString: Untagged
  m_Icon: {fileID: 0}
  m_NavMeshLayer: 0
  m_StaticEditorFlags: 0
  m_IsActive: 1
--- !u!114 &124921955
MonoBehaviour:
  m_ObjectHideFlags: 0
  m_PrefabParentObject: {fileID: 0}
  m_PrefabInternal: {fileID: 0}
  m_GameObject: {fileID: 124921954}
  m_Enabled: 1
  m_EditorHideFlags: 0
  m_Script: {fileID: -73581967, guid: 9754d4abda502c6458053d5ed8e4fc5a, type: 3}
  m_Name: 
  m_EditorClassIdentifier: 
  previewOnGUI: 1
  enableGUILayout: 1
  drawStateLabels: 1
  enableStateLabelsInBuilds: 0
  GUITextureStateLabels: 1
  GUITextStateLabels: 1
  filterLabelsWithDistance: 0
  maxLabelDistance: 10
  controlMouseCursor: 1
  labelScale: 1
--- !u!4 &124921956
Transform:
  m_ObjectHideFlags: 0
  m_PrefabParentObject: {fileID: 0}
  m_PrefabInternal: {fileID: 0}
  m_GameObject: {fileID: 124921954}
  m_LocalRotation: {x: 0, y: 0, z: 0, w: 1}
  m_LocalPosition: {x: 0, y: 0, z: 0}
  m_LocalScale: {x: 1, y: 1, z: 1}
  m_Children: []
  m_Father: {fileID: 0}
  m_RootOrder: 3
  m_LocalEulerAnglesHint: {x: 0, y: 0, z: 0}
--- !u!1001 &504756216
Prefab:
  m_ObjectHideFlags: 0
  serializedVersion: 2
  m_Modification:
    m_TransformParent: {fileID: 0}
    m_Modifications:
    - target: {fileID: 402678, guid: e823f2115eb841f591912eb609919ea4, type: 2}
      propertyPath: m_LocalPosition.x
      value: 0
      objectReference: {fileID: 0}
    - target: {fileID: 402678, guid: e823f2115eb841f591912eb609919ea4, type: 2}
      propertyPath: m_LocalPosition.y
      value: 0
      objectReference: {fileID: 0}
    - target: {fileID: 402678, guid: e823f2115eb841f591912eb609919ea4, type: 2}
      propertyPath: m_LocalPosition.z
      value: 0
      objectReference: {fileID: 0}
    - target: {fileID: 402678, guid: e823f2115eb841f591912eb609919ea4, type: 2}
      propertyPath: m_LocalRotation.x
      value: 0
      objectReference: {fileID: 0}
    - target: {fileID: 402678, guid: e823f2115eb841f591912eb609919ea4, type: 2}
      propertyPath: m_LocalRotation.y
      value: 0
      objectReference: {fileID: 0}
    - target: {fileID: 402678, guid: e823f2115eb841f591912eb609919ea4, type: 2}
      propertyPath: m_LocalRotation.z
      value: 0
      objectReference: {fileID: 0}
    - target: {fileID: 402678, guid: e823f2115eb841f591912eb609919ea4, type: 2}
      propertyPath: m_LocalRotation.w
      value: 1
      objectReference: {fileID: 0}
    - target: {fileID: 402678, guid: e823f2115eb841f591912eb609919ea4, type: 2}
      propertyPath: m_RootOrder
      value: 6
      objectReference: {fileID: 0}
    - target: {fileID: 11458120, guid: e823f2115eb841f591912eb609919ea4, type: 2}
      propertyPath: InstantiateRadioPlayers
      value: 1
      objectReference: {fileID: 0}
    m_RemovedComponents: []
  m_ParentPrefab: {fileID: 100100000, guid: e823f2115eb841f591912eb609919ea4, type: 2}
  m_IsPrefabParent: 0
--- !u!114 &504756217 stripped
MonoBehaviour:
  m_PrefabParentObject: {fileID: 11458120, guid: e823f2115eb841f591912eb609919ea4,
    type: 2}
  m_PrefabInternal: {fileID: 504756216}
  m_Script: {fileID: 11500000, guid: b09cbc61566f4a76805302145fe02ff1, type: 3}
--- !u!1 &812441110
GameObject:
  m_ObjectHideFlags: 0
  m_PrefabParentObject: {fileID: 197250, guid: fd4d21b6fdd1442b875d3e3ed672e669, type: 2}
  m_PrefabInternal: {fileID: 0}
  serializedVersion: 5
  m_Component:
  - component: {fileID: 812441114}
  - component: {fileID: 812441113}
  - component: {fileID: 812441112}
  m_Layer: 0
  m_Name: Camera
  m_TagString: Untagged
  m_Icon: {fileID: 0}
  m_NavMeshLayer: 0
  m_StaticEditorFlags: 0
  m_IsActive: 1
--- !u!124 &812441112
Behaviour:
  m_ObjectHideFlags: 0
  m_PrefabParentObject: {fileID: 12480068, guid: fd4d21b6fdd1442b875d3e3ed672e669,
    type: 2}
  m_PrefabInternal: {fileID: 0}
  m_GameObject: {fileID: 812441110}
  m_Enabled: 1
--- !u!20 &812441113
Camera:
  m_ObjectHideFlags: 0
  m_PrefabParentObject: {fileID: 2065234, guid: fd4d21b6fdd1442b875d3e3ed672e669,
    type: 2}
  m_PrefabInternal: {fileID: 0}
  m_GameObject: {fileID: 812441110}
  m_Enabled: 1
  serializedVersion: 2
  m_ClearFlags: 1
  m_BackGroundColor: {r: 0.19215687, g: 0.3019608, b: 0.4745098, a: 0.019607844}
  m_NormalizedViewPortRect:
    serializedVersion: 2
    x: 0
    y: 0
    width: 1
    height: 1
  near clip plane: 0.3
  far clip plane: 1000
  field of view: 60
  orthographic: 0
  orthographic size: 5
  m_Depth: 1
  m_CullingMask:
    serializedVersion: 2
    m_Bits: 0
  m_RenderingPath: -1
  m_TargetTexture: {fileID: 0}
  m_TargetDisplay: 0
  m_TargetEye: 3
  m_HDR: 0
  m_AllowMSAA: 1
  m_AllowDynamicResolution: 0
  m_ForceIntoRT: 0
  m_OcclusionCulling: 1
  m_StereoConvergence: 10
  m_StereoSeparation: 0.022
--- !u!4 &812441114
Transform:
  m_ObjectHideFlags: 0
  m_PrefabParentObject: {fileID: 459720, guid: fd4d21b6fdd1442b875d3e3ed672e669, type: 2}
  m_PrefabInternal: {fileID: 0}
  m_GameObject: {fileID: 812441110}
  m_LocalRotation: {x: 0.2588187, y: 0, z: 0, w: -0.96592593}
  m_LocalPosition: {x: 0, y: 150, z: -400}
  m_LocalScale: {x: 1, y: 1, z: 1}
  m_Children:
  - {fileID: 907268207}
  m_Father: {fileID: 0}
  m_RootOrder: 1
  m_LocalEulerAnglesHint: {x: 0, y: 0, z: 0}
--- !u!1 &907268206
GameObject:
  m_ObjectHideFlags: 0
  m_PrefabParentObject: {fileID: 110520, guid: fd4d21b6fdd1442b875d3e3ed672e669, type: 2}
  m_PrefabInternal: {fileID: 0}
  serializedVersion: 5
  m_Component:
  - component: {fileID: 907268207}
  - component: {fileID: 907268213}
  - component: {fileID: 907268212}
  - component: {fileID: 907268210}
  m_Layer: 0
  m_Name: Camera
  m_TagString: Untagged
  m_Icon: {fileID: 0}
  m_NavMeshLayer: 0
  m_StaticEditorFlags: 0
  m_IsActive: 1
--- !u!4 &907268207
Transform:
  m_ObjectHideFlags: 0
  m_PrefabParentObject: {fileID: 494754, guid: fd4d21b6fdd1442b875d3e3ed672e669, type: 2}
  m_PrefabInternal: {fileID: 0}
  m_GameObject: {fileID: 907268206}
  m_LocalRotation: {x: 0.42261833, y: 0, z: 0, w: 0.9063078}
  m_LocalPosition: {x: 0, y: 0, z: 0}
  m_LocalScale: {x: 1, y: 1, z: 1}
  m_Children: []
  m_Father: {fileID: 812441114}
  m_RootOrder: 0
  m_LocalEulerAnglesHint: {x: 0, y: 0, z: 0}
--- !u!81 &907268210
AudioListener:
  m_ObjectHideFlags: 0
  m_PrefabParentObject: {fileID: 8187262, guid: fd4d21b6fdd1442b875d3e3ed672e669,
    type: 2}
  m_PrefabInternal: {fileID: 0}
  m_GameObject: {fileID: 907268206}
  m_Enabled: 1
--- !u!124 &907268212
Behaviour:
  m_ObjectHideFlags: 0
  m_PrefabParentObject: {fileID: 12449008, guid: fd4d21b6fdd1442b875d3e3ed672e669,
    type: 2}
  m_PrefabInternal: {fileID: 0}
  m_GameObject: {fileID: 907268206}
  m_Enabled: 1
--- !u!20 &907268213
Camera:
  m_ObjectHideFlags: 0
  m_PrefabParentObject: {fileID: 2073978, guid: fd4d21b6fdd1442b875d3e3ed672e669,
    type: 2}
  m_PrefabInternal: {fileID: 0}
  m_GameObject: {fileID: 907268206}
  m_Enabled: 1
  serializedVersion: 2
  m_ClearFlags: 3
  m_BackGroundColor: {r: 1, g: 1, b: 1, a: 0}
  m_NormalizedViewPortRect:
    serializedVersion: 2
    x: 0
    y: 0
    width: 1
    height: 1
  near clip plane: 0.3
  far clip plane: 1000
  field of view: 50
  orthographic: 0
  orthographic size: 5
  m_Depth: 2
  m_CullingMask:
    serializedVersion: 2
    m_Bits: 4294967295
  m_RenderingPath: -1
  m_TargetTexture: {fileID: 0}
  m_TargetDisplay: 0
  m_TargetEye: 3
  m_HDR: 0
  m_AllowMSAA: 1
  m_AllowDynamicResolution: 0
  m_ForceIntoRT: 0
  m_OcclusionCulling: 1
  m_StereoConvergence: 10
  m_StereoSeparation: 0.022
--- !u!1 &1148993651
GameObject:
  m_ObjectHideFlags: 0
  m_PrefabParentObject: {fileID: 0}
  m_PrefabInternal: {fileID: 0}
  serializedVersion: 5
  m_Component:
  - component: {fileID: 1148993652}
  - component: {fileID: 1148993654}
  - component: {fileID: 1148993653}
  m_Layer: 5
  m_Name: Text
  m_TagString: Untagged
  m_Icon: {fileID: 0}
  m_NavMeshLayer: 0
  m_StaticEditorFlags: 0
  m_IsActive: 1
--- !u!224 &1148993652
RectTransform:
  m_ObjectHideFlags: 0
  m_PrefabParentObject: {fileID: 0}
  m_PrefabInternal: {fileID: 0}
  m_GameObject: {fileID: 1148993651}
  m_LocalRotation: {x: 0, y: 0, z: 0, w: 1}
  m_LocalPosition: {x: 0, y: 0, z: 0}
  m_LocalScale: {x: 1, y: 1, z: 1}
  m_Children: []
  m_Father: {fileID: 60233964}
  m_RootOrder: 0
  m_LocalEulerAnglesHint: {x: 0, y: 0, z: 0}
  m_AnchorMin: {x: 0.5, y: 1}
  m_AnchorMax: {x: 0.5, y: 1}
  m_AnchoredPosition: {x: -0.000030518, y: -76}
  m_SizeDelta: {x: 1993, y: 81}
  m_Pivot: {x: 0.5, y: 0.5}
--- !u!114 &1148993653
MonoBehaviour:
  m_ObjectHideFlags: 0
  m_PrefabParentObject: {fileID: 0}
  m_PrefabInternal: {fileID: 0}
  m_GameObject: {fileID: 1148993651}
  m_Enabled: 1
  m_EditorHideFlags: 0
  m_Script: {fileID: 708705254, guid: f5f67c52d1564df4a8936ccd202a3bd8, type: 3}
  m_Name: 
  m_EditorClassIdentifier: 
  m_Material: {fileID: 0}
  m_Color: {r: 1, g: 1, b: 1, a: 1}
  m_RaycastTarget: 1
  m_OnCullStateChanged:
    m_PersistentCalls:
      m_Calls: []
    m_TypeName: UnityEngine.UI.MaskableGraphic+CullStateChangedEvent, UnityEngine.UI,
      Version=1.0.0.0, Culture=neutral, PublicKeyToken=null
  m_FontData:
    m_Font: {fileID: 10102, guid: 0000000000000000e000000000000000, type: 0}
    m_FontSize: 26
    m_FontStyle: 0
    m_BestFit: 0
    m_MinSize: 2
    m_MaxSize: 40
    m_Alignment: 1
    m_AlignByGeometry: 0
    m_RichText: 1
    m_HorizontalOverflow: 0
    m_VerticalOverflow: 0
    m_LineSpacing: 1
  m_Text: This scene shows how to use the "Radio Manager Play Next"-, "Radio Manager
    Play Previous"- and "Radio Manager Stop All"-actions.
--- !u!222 &1148993654
CanvasRenderer:
  m_ObjectHideFlags: 0
  m_PrefabParentObject: {fileID: 0}
  m_PrefabInternal: {fileID: 0}
  m_GameObject: {fileID: 1148993651}
--- !u!83 &1191780805
AudioClip:
  m_ObjectHideFlags: 0
  m_PrefabParentObject: {fileID: 0}
  m_PrefabInternal: {fileID: 0}
  m_Name: TD-Radio
  m_LoadType: 0
  m_Channels: 2
  m_Frequency: 44100
  m_BitsPerSample: 32
  m_Length: 0
  m_IsTrackerFormat: 0
  m_Ambisonic: 0
  m_SubsoundIndex: 0
  m_PreloadAudioData: 1
  m_LoadInBackground: 0
  m_Legacy3D: 0
  m_Resource:
    m_Source: 
    m_Offset: 0
    m_Size: 0
  m_CompressionFormat: 0
  m_EditorResource:
    m_Source: 
    m_Offset: 0
    m_Size: 0
  m_EditorCompressionFormat: 0
--- !u!1 &1232974132
GameObject:
  m_ObjectHideFlags: 0
  m_PrefabParentObject: {fileID: 136832, guid: 5015291ecc944403a4bccf7e5ca8d517, type: 2}
  m_PrefabInternal: {fileID: 0}
  serializedVersion: 5
  m_Component:
  - component: {fileID: 1232974134}
  - component: {fileID: 1232974133}
  m_Layer: 0
  m_Name: Directional light
  m_TagString: Untagged
  m_Icon: {fileID: 0}
  m_NavMeshLayer: 0
  m_StaticEditorFlags: 0
  m_IsActive: 1
--- !u!108 &1232974133
Light:
  m_ObjectHideFlags: 0
  m_PrefabParentObject: {fileID: 10886356, guid: 5015291ecc944403a4bccf7e5ca8d517,
    type: 2}
  m_PrefabInternal: {fileID: 0}
  m_GameObject: {fileID: 1232974132}
  m_Enabled: 1
  serializedVersion: 8
  m_Type: 1
  m_Color: {r: 1, g: 1, b: 1, a: 1}
  m_Intensity: 1.5
  m_Range: 10
  m_SpotAngle: 30
  m_CookieSize: 10
  m_Shadows:
    m_Type: 0
    m_Resolution: -1
    m_CustomResolution: -1
    m_Strength: 1
    m_Bias: 0.05
    m_NormalBias: 0.4
    m_NearPlane: 0.2
  m_Cookie: {fileID: 0}
  m_DrawHalo: 0
  m_Flare: {fileID: 0}
  m_RenderMode: 0
  m_CullingMask:
    serializedVersion: 2
    m_Bits: 4294967295
  m_Lightmapping: 4
  m_AreaSize: {x: 1, y: 1}
  m_BounceIntensity: 1
  m_ColorTemperature: 6570
  m_UseColorTemperature: 0
  m_ShadowRadius: 0
  m_ShadowAngle: 0
--- !u!4 &1232974134
Transform:
  m_ObjectHideFlags: 0
  m_PrefabParentObject: {fileID: 447032, guid: 5015291ecc944403a4bccf7e5ca8d517, type: 2}
  m_PrefabInternal: {fileID: 0}
  m_GameObject: {fileID: 1232974132}
  m_LocalRotation: {x: -0.40821797, y: 0.23456939, z: -0.10938151, w: -0.8754262}
  m_LocalPosition: {x: 0, y: 0, z: 0}
  m_LocalScale: {x: 1, y: 1, z: 1}
  m_Children: []
  m_Father: {fileID: 0}
  m_RootOrder: 2
  m_LocalEulerAnglesHint: {x: 0, y: 0, z: 0}
--- !u!1 &1513632609
GameObject:
  m_ObjectHideFlags: 17
  m_PrefabParentObject: {fileID: 0}
  m_PrefabInternal: {fileID: 0}
  serializedVersion: 5
  m_Component:
  - component: {fileID: 1513632612}
  - component: {fileID: 1513632611}
  - component: {fileID: 1513632610}
  m_Layer: 0
  m_Name: invisibleRadioPlayer
  m_TagString: Untagged
  m_Icon: {fileID: 0}
  m_NavMeshLayer: 0
  m_StaticEditorFlags: 0
  m_IsActive: 1
--- !u!114 &1513632610
MonoBehaviour:
  m_ObjectHideFlags: 17
  m_PrefabParentObject: {fileID: 0}
  m_PrefabInternal: {fileID: 0}
  m_GameObject: {fileID: 1513632609}
  m_Enabled: 1
  m_EditorHideFlags: 0
  m_Script: {fileID: 11500000, guid: 1508f24ac0e2410596c6237177ebf2bf, type: 3}
  m_Name: 
  m_EditorClassIdentifier: 
  Station:
    Name: TD-Radio
    Url: http://185.33.21.112:11010
    Station: 
    Genres: 
    Rating: 0
    Description: 
    Icon: {fileID: 0}
    Format: 1
    Bitrate: 128
    ChunkSize: 16
    BufferSize: 48
    AllowOnlyHTTPS: 0
    ExcludedCodec: 0
    UpdateDataAtPlay: 1
    Channels: 2
    SampleRate: 44100
    TotalDataSize: 0
    TotalDataRequests: 0
    TotalPlayTime: 0
    ServerInfo: 
  PlayOnStart: 0
  Delay: 0
  HandleFocus: 0
  CacheStreamSize: 320
  LegacyMode: 0
  CaptureDataStream: 0
--- !u!82 &1513632611
AudioSource:
  m_ObjectHideFlags: 17
  m_PrefabParentObject: {fileID: 0}
  m_PrefabInternal: {fileID: 0}
  m_GameObject: {fileID: 1513632609}
  m_Enabled: 1
  serializedVersion: 4
  OutputAudioMixerGroup: {fileID: 0}
  m_audioClip: {fileID: 1191780805}
  m_PlayOnAwake: 0
  m_Volume: 1
  m_Pitch: 1
  Loop: 0
  Mute: 0
  Spatialize: 0
  SpatializePostEffects: 0
  Priority: 128
  DopplerLevel: 1
  MinDistance: 1
  MaxDistance: 500
  Pan2D: 0
  rolloffMode: 0
  BypassEffects: 0
  BypassListenerEffects: 0
  BypassReverbZones: 0
  rolloffCustomCurve:
    serializedVersion: 2
    m_Curve:
    - serializedVersion: 2
      time: 0
      value: 1
      inSlope: 0
      outSlope: 0
      tangentMode: 0
    - serializedVersion: 2
      time: 1
      value: 0
      inSlope: 0
      outSlope: 0
      tangentMode: 0
    m_PreInfinity: 2
    m_PostInfinity: 2
    m_RotationOrder: 4
  panLevelCustomCurve:
    serializedVersion: 2
    m_Curve:
    - serializedVersion: 2
      time: 0
      value: 0
      inSlope: 0
      outSlope: 0
      tangentMode: 0
    m_PreInfinity: 2
    m_PostInfinity: 2
    m_RotationOrder: 4
  spreadCustomCurve:
    serializedVersion: 2
    m_Curve:
    - serializedVersion: 2
      time: 0
      value: 0
      inSlope: 0
      outSlope: 0
      tangentMode: 0
    m_PreInfinity: 2
    m_PostInfinity: 2
    m_RotationOrder: 4
  reverbZoneMixCustomCurve:
    serializedVersion: 2
    m_Curve:
    - serializedVersion: 2
      time: 0
      value: 1
      inSlope: 0
      outSlope: 0
      tangentMode: 0
    m_PreInfinity: 2
    m_PostInfinity: 2
    m_RotationOrder: 4
--- !u!4 &1513632612
Transform:
  m_ObjectHideFlags: 17
  m_PrefabParentObject: {fileID: 0}
  m_PrefabInternal: {fileID: 0}
  m_GameObject: {fileID: 1513632609}
  m_LocalRotation: {x: 0, y: 0, z: 0, w: 1}
  m_LocalPosition: {x: 0, y: 0, z: 0}
  m_LocalScale: {x: 1, y: 1, z: 1}
  m_Children: []
  m_Father: {fileID: 0}
  m_RootOrder: 4
  m_LocalEulerAnglesHint: {x: 0, y: 0, z: 0}
--- !u!1 &1661560220
GameObject:
  m_ObjectHideFlags: 0
  m_PrefabParentObject: {fileID: 0}
  m_PrefabInternal: {fileID: 0}
  serializedVersion: 5
  m_Component:
  - component: {fileID: 1661560222}
  - component: {fileID: 1661560221}
  - component: {fileID: 1661560223}
  - component: {fileID: 1661560224}
  m_Layer: 5
  m_Name: PM
  m_TagString: Untagged
  m_Icon: {fileID: 0}
  m_NavMeshLayer: 0
  m_StaticEditorFlags: 0
  m_IsActive: 1
--- !u!114 &1661560221
MonoBehaviour:
  m_ObjectHideFlags: 0
  m_PrefabParentObject: {fileID: 0}
  m_PrefabInternal: {fileID: 0}
  m_GameObject: {fileID: 1661560220}
  m_Enabled: 1
  m_EditorHideFlags: 0
  m_Script: {fileID: 1384774831, guid: 9754d4abda502c6458053d5ed8e4fc5a, type: 3}
  m_Name: 
  m_EditorClassIdentifier: 
  fsm:
    dataVersion: 2
    usedInTemplate: {fileID: 0}
    name: FSM
    startState: Default
    states:
    - name: Default
      description: 
      colorIndex: 0
      position:
        serializedVersion: 2
        x: 50
        y: 100
        width: 100
        height: 32
      isBreakpoint: 0
      isSequence: 0
      hideUnused: 0
      transitions:
      - fsmEvent:
          name: Play
          isSystemEvent: 0
          isGlobal: 0
        toState: Playing
        linkStyle: 0
        linkConstraint: 0
        colorIndex: 0
      actionData:
        actionNames:
        - HutongGames.PlayMaker.Actions.GUIButton
        customNames:
        - 
        actionEnabled: 01
        actionIsOpen: 01
        actionStartIndex: 00000000
        actionHashCodes: e514fb01
        unityObjectParams: []
        fsmGameObjectParams: []
        fsmOwnerDefaultParams: []
        animationCurveParams: []
        functionCallParams: []
        fsmTemplateControlParams: []
        fsmEventTargetParams: []
        fsmPropertyParams: []
        layoutOptionParams: []
        fsmStringParams:
        - useVariable: 0
          name: 
          tooltip: 
          showInInspector: 0
          networkSync: 0
          value: Next
        - useVariable: 0
          name: 
          tooltip: 
          showInInspector: 0
          networkSync: 0
          value: 
        - useVariable: 0
          name: 
          tooltip: 
          showInInspector: 0
          networkSync: 0
          value: Button
        fsmObjectParams:
        - useVariable: 0
          name: 
          tooltip: 
          showInInspector: 0
          networkSync: 0
          typeName: 
          value: {fileID: 0}
        fsmVarParams: []
        fsmArrayParams: []
        fsmEnumParams: []
        fsmFloatParams:
        - useVariable: 0
          name: 
          tooltip: 
          showInInspector: 0
          networkSync: 0
          value: 0.55
        - useVariable: 0
          name: 
          tooltip: 
          showInInspector: 0
          networkSync: 0
          value: 0.25
        - useVariable: 0
          name: 
          tooltip: 
          showInInspector: 0
          networkSync: 0
          value: 0.2
        - useVariable: 0
          name: 
          tooltip: 
          showInInspector: 0
          networkSync: 0
          value: 0.3
        fsmIntParams: []
        fsmBoolParams:
        - useVariable: 1
          name: 
          tooltip: 
          showInInspector: 0
          networkSync: 0
          value: 0
        - useVariable: 0
          name: 
          tooltip: 
          showInInspector: 0
          networkSync: 0
          value: 1
        fsmVector2Params: []
        fsmVector3Params: []
        fsmColorParams: []
        fsmRectParams:
        - useVariable: 1
          name: 
          tooltip: 
          showInInspector: 0
          networkSync: 0
          value:
            serializedVersion: 2
            x: 0
            y: 0
            width: 0
            height: 0
        fsmQuaternionParams: []
        stringParams:
        - Play
        byteData: 
        arrayParamSizes: 
        arrayParamTypes: []
        customTypeSizes: 
        customTypeNames: []
        paramDataType: 1700000011000000210000001200000012000000120000001e0000000f0000000f0000000f0000000f00000011000000
        paramName:
        - sendEvent
        - storeButtonState
        - image
        - text
        - tooltip
        - style
        - screenRect
        - left
        - top
        - width
        - height
        - normalized
        paramDataPos: 000000000000000000000000000000000100000002000000000000000000000001000000020000000300000001000000
        paramByteDataSize: 000000000000000000000000000000000000000000000000000000000000000000000000000000000000000000000000
    - name: Playing
      description: 
      colorIndex: 0
      position:
        serializedVersion: 2
        x: 383
        y: 102
        width: 100
        height: 32
      isBreakpoint: 0
      isSequence: 0
      hideUnused: 0
      transitions:
      - fsmEvent:
          name: FINISHED
          isSystemEvent: 1
          isGlobal: 0
        toState: Default
        linkStyle: 0
        linkConstraint: 0
        colorIndex: 0
      actionData:
        actionNames:
        - HutongGames.PlayMaker.Actions.RadioManagerPlayNext
        customNames:
        - 
        actionEnabled: 01
        actionIsOpen: 01
        actionStartIndex: 00000000
        actionHashCodes: f53a5004
        unityObjectParams:
        - {fileID: 504756217}
        fsmGameObjectParams: []
        fsmOwnerDefaultParams: []
        animationCurveParams: []
        functionCallParams: []
        fsmTemplateControlParams: []
        fsmEventTargetParams: []
        fsmPropertyParams: []
        layoutOptionParams: []
        fsmStringParams: []
        fsmObjectParams: []
        fsmVarParams: []
        fsmArrayParams: []
        fsmEnumParams: []
        fsmFloatParams: []
        fsmIntParams: []
        fsmBoolParams:
        - useVariable: 0
          name: 
          tooltip: 
          showInInspector: 0
          networkSync: 0
          value: 1
        fsmVector2Params: []
        fsmVector3Params: []
        fsmColorParams: []
        fsmRectParams: []
        fsmQuaternionParams: []
        stringParams: []
        byteData: 
        arrayParamSizes: 
        arrayParamTypes: []
        customTypeSizes: 
        customTypeNames: []
        paramDataType: 0500000011000000
        paramName:
        - RadioManager
        - PlayRandom
        paramDataPos: 0000000000000000
        paramByteDataSize: 0000000000000000
    events:
    - name: FINISHED
      isSystemEvent: 1
      isGlobal: 0
    - name: Play
      isSystemEvent: 0
      isGlobal: 0
    - name: Stop
      isSystemEvent: 0
      isGlobal: 0
    globalTransitions: []
    variables:
      floatVariables: []
      intVariables: []
      boolVariables: []
      stringVariables: []
      vector2Variables: []
      vector3Variables: []
      colorVariables: []
      rectVariables: []
      quaternionVariables: []
      gameObjectVariables: []
      objectVariables: []
      materialVariables: []
      textureVariables: []
      arrayVariables: []
      enumVariables: []
      categories:
      - 
      variableCategoryIDs: 
    description: 
    docUrl: 
    showStateLabel: 1
    maxLoopCount: 0
    watermark: 
    password: 
    locked: 0
    manualUpdate: 0
    keepDelayedEventsOnStateExit: 0
    preprocessed: 1
    ExposedEvents: []
    RestartOnEnable: 1
    EnableDebugFlow: 0
    EnableBreakpoints: 1
    editorFlags: 3
    activeStateName: 
    mouseEvents: 0
    handleLevelLoaded: 0
    handleTriggerEnter2D: 0
    handleTriggerExit2D: 0
    handleTriggerStay2D: 0
    handleCollisionEnter2D: 0
    handleCollisionExit2D: 0
    handleCollisionStay2D: 0
    handleTriggerEnter: 0
    handleTriggerExit: 0
    handleTriggerStay: 0
    handleCollisionEnter: 0
    handleCollisionExit: 0
    handleCollisionStay: 0
    handleParticleCollision: 0
    handleControllerColliderHit: 0
    handleJointBreak: 0
    handleJointBreak2D: 0
    handleOnGUI: 0
    handleFixedUpdate: 0
    handleLateUpdate: 0
    handleApplicationEvents: 0
    handleUiEvents: 0
    handleLegacyNetworking: 0
    handleAnimatorMove: 0
    handleAnimatorIK: 0
  fsmTemplate: {fileID: 0}
  eventHandlerComponentsAdded: 0
--- !u!224 &1661560222
RectTransform:
  m_ObjectHideFlags: 0
  m_PrefabParentObject: {fileID: 0}
  m_PrefabInternal: {fileID: 0}
  m_GameObject: {fileID: 1661560220}
  m_LocalRotation: {x: 0, y: 0, z: 0, w: 1}
  m_LocalPosition: {x: 0, y: 0, z: 0}
  m_LocalScale: {x: 0.74351853, y: 0.74351853, z: 1}
  m_Children: []
  m_Father: {fileID: 0}
  m_RootOrder: 0
  m_LocalEulerAnglesHint: {x: 0, y: 0, z: 0}
  m_AnchorMin: {x: 0.5, y: 0.5}
  m_AnchorMax: {x: 0.5, y: 0.5}
  m_AnchoredPosition: {x: 1368.4932, y: 540}
  m_SizeDelta: {x: 100, y: 100}
  m_Pivot: {x: 0.5, y: 0.5}
--- !u!114 &1661560223
MonoBehaviour:
  m_ObjectHideFlags: 0
  m_PrefabParentObject: {fileID: 0}
  m_PrefabInternal: {fileID: 0}
  m_GameObject: {fileID: 1661560220}
  m_Enabled: 1
  m_EditorHideFlags: 0
  m_Script: {fileID: 1384774831, guid: de72a6d2da64d114d95e3c5a01cfaec5, type: 3}
  m_Name: 
  m_EditorClassIdentifier: 
  fsm:
    dataVersion: 2
    usedInTemplate: {fileID: 0}
    name: FSM 2
    startState: Default
    states:
    - name: Default
      description: 
      colorIndex: 0
      position:
        serializedVersion: 2
        x: 59.5
        y: 109
        width: 100
        height: 32
      isBreakpoint: 0
      isSequence: 0
      hideUnused: 0
      transitions:
      - fsmEvent:
          name: Play
          isSystemEvent: 0
          isGlobal: 0
        toState: Playing
        linkStyle: 0
        linkConstraint: 0
        colorIndex: 0
      actionData:
        actionNames:
        - HutongGames.PlayMaker.Actions.GUIButton
        customNames:
        - 
        actionEnabled: 01
        actionIsOpen: 01
        actionStartIndex: 00000000
        actionHashCodes: e514fb01
        unityObjectParams: []
        fsmGameObjectParams: []
        fsmOwnerDefaultParams: []
        animationCurveParams: []
        functionCallParams: []
        fsmTemplateControlParams: []
        fsmEventTargetParams: []
        fsmPropertyParams: []
        layoutOptionParams: []
        fsmStringParams:
        - useVariable: 0
          name: 
          tooltip: 
          showInInspector: 0
          networkSync: 0
          value: Previous
        - useVariable: 0
          name: 
          tooltip: 
          showInInspector: 0
          networkSync: 0
          value: 
        - useVariable: 0
          name: 
          tooltip: 
          showInInspector: 0
          networkSync: 0
          value: Button
        fsmObjectParams:
        - useVariable: 0
          name: 
          tooltip: 
          showInInspector: 0
          networkSync: 0
          typeName: 
          value: {fileID: 0}
        fsmVarParams: []
        fsmArrayParams: []
        fsmEnumParams: []
        fsmFloatParams:
        - useVariable: 0
          name: 
          tooltip: 
          showInInspector: 0
          networkSync: 0
          value: 0.25
        - useVariable: 0
          name: 
          tooltip: 
          showInInspector: 0
          networkSync: 0
          value: 0.25
        - useVariable: 0
          name: 
          tooltip: 
          showInInspector: 0
          networkSync: 0
          value: 0.2
        - useVariable: 0
          name: 
          tooltip: 
          showInInspector: 0
          networkSync: 0
          value: 0.3
        fsmIntParams: []
        fsmBoolParams:
        - useVariable: 1
          name: 
          tooltip: 
          showInInspector: 0
          networkSync: 0
          value: 0
        - useVariable: 0
          name: 
          tooltip: 
          showInInspector: 0
          networkSync: 0
          value: 1
        fsmVector2Params: []
        fsmVector3Params: []
        fsmColorParams: []
        fsmRectParams:
        - useVariable: 1
          name: 
          tooltip: 
          showInInspector: 0
          networkSync: 0
          value:
            serializedVersion: 2
            x: 0
            y: 0
            width: 0
            height: 0
        fsmQuaternionParams: []
        stringParams:
        - Play
        byteData: 
        arrayParamSizes: 
        arrayParamTypes: []
        customTypeSizes: 
        customTypeNames: []
        paramDataType: 1700000011000000210000001200000012000000120000001e0000000f0000000f0000000f0000000f00000011000000
        paramName:
        - sendEvent
        - storeButtonState
        - image
        - text
        - tooltip
        - style
        - screenRect
        - left
        - top
        - width
        - height
        - normalized
        paramDataPos: 000000000000000000000000000000000100000002000000000000000000000001000000020000000300000001000000
        paramByteDataSize: 000000000000000000000000000000000000000000000000000000000000000000000000000000000000000000000000
    - name: Playing
      description: 
      colorIndex: 0
      position:
        serializedVersion: 2
        x: 395.78906
        y: 114.28906
        width: 100
        height: 32
      isBreakpoint: 0
      isSequence: 0
      hideUnused: 0
      transitions:
      - fsmEvent:
          name: FINISHED
          isSystemEvent: 1
          isGlobal: 0
        toState: Default
        linkStyle: 0
        linkConstraint: 0
        colorIndex: 0
      actionData:
        actionNames:
        - HutongGames.PlayMaker.Actions.RadioManagerPlayPrevious
        customNames:
        - 
        actionEnabled: 01
        actionIsOpen: 01
        actionStartIndex: 00000000
        actionHashCodes: f53a5004
        unityObjectParams:
        - {fileID: 504756217}
        fsmGameObjectParams: []
        fsmOwnerDefaultParams: []
        animationCurveParams: []
        functionCallParams: []
        fsmTemplateControlParams: []
        fsmEventTargetParams: []
        fsmPropertyParams: []
        layoutOptionParams: []
        fsmStringParams: []
        fsmObjectParams: []
        fsmVarParams: []
        fsmArrayParams: []
        fsmEnumParams: []
        fsmFloatParams: []
        fsmIntParams: []
        fsmBoolParams:
        - useVariable: 0
          name: 
          tooltip: 
          showInInspector: 0
          networkSync: 0
          value: 1
        fsmVector2Params: []
        fsmVector3Params: []
        fsmColorParams: []
        fsmRectParams: []
        fsmQuaternionParams: []
        stringParams: []
        byteData: 
        arrayParamSizes: 
        arrayParamTypes: []
        customTypeSizes: 
        customTypeNames: []
        paramDataType: 0500000011000000
        paramName:
        - RadioManager
        - PlayRandom
        paramDataPos: 0000000000000000
        paramByteDataSize: 0000000000000000
    events:
    - name: FINISHED
      isSystemEvent: 1
      isGlobal: 0
    - name: Play
      isSystemEvent: 0
      isGlobal: 0
    - name: Stop
      isSystemEvent: 0
      isGlobal: 0
    globalTransitions: []
    variables:
      floatVariables: []
      intVariables: []
      boolVariables: []
      stringVariables: []
      vector2Variables: []
      vector3Variables: []
      colorVariables: []
      rectVariables: []
      quaternionVariables: []
      gameObjectVariables: []
      objectVariables: []
      materialVariables: []
      textureVariables: []
      arrayVariables: []
      enumVariables: []
      categories:
      - 
      variableCategoryIDs: 
    description: 
    docUrl: 
    showStateLabel: 1
    maxLoopCount: 0
    watermark: 
    password: 
    locked: 0
    manualUpdate: 0
    keepDelayedEventsOnStateExit: 0
    preprocessed: 1
    ExposedEvents: []
    RestartOnEnable: 1
    EnableDebugFlow: 0
    EnableBreakpoints: 1
    editorFlags: 3
    activeStateName: 
    mouseEvents: 0
    handleLevelLoaded: 0
    handleTriggerEnter2D: 0
    handleTriggerExit2D: 0
    handleTriggerStay2D: 0
    handleCollisionEnter2D: 0
    handleCollisionExit2D: 0
    handleCollisionStay2D: 0
    handleTriggerEnter: 0
    handleTriggerExit: 0
    handleTriggerStay: 0
    handleCollisionEnter: 0
    handleCollisionExit: 0
    handleCollisionStay: 0
    handleParticleCollision: 0
    handleControllerColliderHit: 0
    handleJointBreak: 0
    handleJointBreak2D: 0
    handleOnGUI: 0
    handleFixedUpdate: 0
    handleLateUpdate: 0
    handleApplicationEvents: 0
    handleUiEvents: 0
    handleLegacyNetworking: 0
    handleAnimatorMove: 0
    handleAnimatorIK: 0
  fsmTemplate: {fileID: 0}
  eventHandlerComponentsAdded: 0
--- !u!114 &1661560224
MonoBehaviour:
  m_ObjectHideFlags: 0
  m_PrefabParentObject: {fileID: 0}
  m_PrefabInternal: {fileID: 0}
  m_GameObject: {fileID: 1661560220}
  m_Enabled: 1
  m_EditorHideFlags: 0
  m_Script: {fileID: 1384774831, guid: de72a6d2da64d114d95e3c5a01cfaec5, type: 3}
  m_Name: 
  m_EditorClassIdentifier: 
  fsm:
    dataVersion: 2
    usedInTemplate: {fileID: 0}
    name: FSM 3
    startState: Stopped
    states:
    - name: Stopped
      description: 
      colorIndex: 0
      position:
        serializedVersion: 2
        x: 50
        y: 100
        width: 100
        height: 32
      isBreakpoint: 0
      isSequence: 0
      hideUnused: 0
      transitions:
      - fsmEvent:
          name: Stop
          isSystemEvent: 0
          isGlobal: 0
        toState: Stopping
        linkStyle: 0
        linkConstraint: 0
        colorIndex: 0
      actionData:
        actionNames:
        - HutongGames.PlayMaker.Actions.GUIButton
        customNames:
        - 
        actionEnabled: 01
        actionIsOpen: 01
        actionStartIndex: 00000000
        actionHashCodes: e514fb01
        unityObjectParams: []
        fsmGameObjectParams: []
        fsmOwnerDefaultParams: []
        animationCurveParams: []
        functionCallParams: []
        fsmTemplateControlParams: []
        fsmEventTargetParams: []
        fsmPropertyParams: []
        layoutOptionParams: []
        fsmStringParams:
        - useVariable: 0
          name: 
          tooltip: 
          showInInspector: 0
          networkSync: 0
          value: Stop
        - useVariable: 0
          name: 
          tooltip: 
          showInInspector: 0
          networkSync: 0
          value: 
        - useVariable: 0
          name: 
          tooltip: 
          showInInspector: 0
          networkSync: 0
          value: Button
        fsmObjectParams:
        - useVariable: 0
          name: 
          tooltip: 
          showInInspector: 0
          networkSync: 0
          typeName: 
          value: {fileID: 0}
        fsmVarParams: []
        fsmArrayParams: []
        fsmEnumParams: []
        fsmFloatParams:
        - useVariable: 0
          name: 
          tooltip: 
          showInInspector: 0
          networkSync: 0
          value: 0.2
        - useVariable: 0
          name: 
          tooltip: 
          showInInspector: 0
          networkSync: 0
          value: 0.6
        - useVariable: 0
          name: 
          tooltip: 
          showInInspector: 0
          networkSync: 0
          value: 0.6
        - useVariable: 0
          name: 
          tooltip: 
          showInInspector: 0
          networkSync: 0
          value: 0.2
        fsmIntParams: []
        fsmBoolParams:
        - useVariable: 1
          name: 
          tooltip: 
          showInInspector: 0
          networkSync: 0
          value: 0
        - useVariable: 0
          name: 
          tooltip: 
          showInInspector: 0
          networkSync: 0
          value: 1
        fsmVector2Params: []
        fsmVector3Params: []
        fsmColorParams: []
        fsmRectParams:
        - useVariable: 1
          name: 
          tooltip: 
          showInInspector: 0
          networkSync: 0
          value:
            serializedVersion: 2
            x: 0
            y: 0
            width: 0
            height: 0
        fsmQuaternionParams: []
        stringParams:
        - Stop
        byteData: 
        arrayParamSizes: 
        arrayParamTypes: []
        customTypeSizes: 
        customTypeNames: []
        paramDataType: 1700000011000000210000001200000012000000120000001e0000000f0000000f0000000f0000000f00000011000000
        paramName:
        - sendEvent
        - storeButtonState
        - image
        - text
        - tooltip
        - style
        - screenRect
        - left
        - top
        - width
        - height
        - normalized
        paramDataPos: 000000000000000000000000000000000100000002000000000000000000000001000000020000000300000001000000
        paramByteDataSize: 000000000000000000000000000000000000000000000000000000000000000000000000000000000000000000000000
    - name: Stopping
      description: 
      colorIndex: 0
      position:
        serializedVersion: 2
        x: 318
        y: 103
        width: 100
        height: 32
      isBreakpoint: 0
      isSequence: 0
      hideUnused: 0
      transitions:
      - fsmEvent:
          name: FINISHED
          isSystemEvent: 1
          isGlobal: 0
        toState: Stopped
        linkStyle: 0
        linkConstraint: 0
        colorIndex: 0
      actionData:
        actionNames:
        - HutongGames.PlayMaker.Actions.RadioManagerStopAll
        customNames:
        - 
        actionEnabled: 01
        actionIsOpen: 01
        actionStartIndex: 00000000
        actionHashCodes: 818c6d01
        unityObjectParams:
        - {fileID: 504756217}
        fsmGameObjectParams: []
        fsmOwnerDefaultParams: []
        animationCurveParams: []
        functionCallParams: []
        fsmTemplateControlParams: []
        fsmEventTargetParams: []
        fsmPropertyParams: []
        layoutOptionParams: []
        fsmStringParams: []
        fsmObjectParams: []
        fsmVarParams: []
        fsmArrayParams: []
        fsmEnumParams: []
        fsmFloatParams: []
        fsmIntParams: []
        fsmBoolParams: []
        fsmVector2Params: []
        fsmVector3Params: []
        fsmColorParams: []
        fsmRectParams: []
        fsmQuaternionParams: []
        stringParams: []
        byteData: 
        arrayParamSizes: 
        arrayParamTypes: []
        customTypeSizes: 
        customTypeNames: []
        paramDataType: 05000000
        paramName:
        - RadioManager
        paramDataPos: 00000000
        paramByteDataSize: 00000000
    events:
    - name: FINISHED
      isSystemEvent: 1
      isGlobal: 0
    - name: Stop
      isSystemEvent: 0
      isGlobal: 0
    globalTransitions: []
    variables:
      floatVariables: []
      intVariables: []
      boolVariables: []
      stringVariables: []
      vector2Variables: []
      vector3Variables: []
      colorVariables: []
      rectVariables: []
      quaternionVariables: []
      gameObjectVariables: []
      objectVariables: []
      materialVariables: []
      textureVariables: []
      arrayVariables: []
      enumVariables: []
      categories:
      - 
      variableCategoryIDs: 
    description: 
    docUrl: 
    showStateLabel: 1
    maxLoopCount: 0
    watermark: 
    password: 
    locked: 0
    manualUpdate: 0
    keepDelayedEventsOnStateExit: 0
    preprocessed: 0
    ExposedEvents: []
    RestartOnEnable: 1
    EnableDebugFlow: 0
    EnableBreakpoints: 1
    editorFlags: 3
    activeStateName: 
    mouseEvents: 0
    handleLevelLoaded: 0
    handleTriggerEnter2D: 0
    handleTriggerExit2D: 0
    handleTriggerStay2D: 0
    handleCollisionEnter2D: 0
    handleCollisionExit2D: 0
    handleCollisionStay2D: 0
    handleTriggerEnter: 0
    handleTriggerExit: 0
    handleTriggerStay: 0
    handleCollisionEnter: 0
    handleCollisionExit: 0
    handleCollisionStay: 0
    handleParticleCollision: 0
    handleControllerColliderHit: 0
    handleJointBreak: 0
    handleJointBreak2D: 0
    handleOnGUI: 0
    handleFixedUpdate: 0
    handleLateUpdate: 0
    handleApplicationEvents: 0
    handleUiEvents: 0
    handleLegacyNetworking: 0
    handleAnimatorMove: 0
    handleAnimatorIK: 0
  fsmTemplate: {fileID: 0}
  eventHandlerComponentsAdded: 0
